<?xml version="1.0" encoding="UTF-8"?><collection xmlns="http://www.loc.gov/MARC21/slim"><record><leader>00425nam--2200133-i-4500</leader><controlfield tag="001">000031182</controlfield><controlfield tag="002">20161230</controlfield><controlfield tag="005">20161230201038</controlfield><controlfield tag="008">060222s1000------------r-----000-0-eng-d</controlfield><datafield ind1=" " ind2=" " tag="080"><subfield code="a">539.2:621.375.826</subfield></datafield><datafield ind1=" " ind2=" " tag="100"><subfield code="a">Logothetis, Eleftherios Miltiadis</subfield></datafield><datafield ind1=" " ind2=" " tag="245"><subfield code="a">Electron emission from solids under the influence of laser radiation.thesis</subfield></datafield><datafield ind1=" " ind2=" " tag="260"><subfield code="a">Ann Arbor, Michigan, University Microfilms Inc., 1967. X+168p</subfield></datafield><datafield ind1=" " ind2=" " tag="852"><subfield code="a">32383</subfield></datafield></record></collection>